

@MISC{panely,
	URL = "http://www.m2ms.sk/produkty/multimedialne-informacne-panely/",
	AUTHOR = "M2M solutions s.r.o",
	TITLE = "\textit{Multimediálne informačné panely | M2M Solutions, s.r.o. }",
	YEAR = "c2018[cit. 11.1.2018]. Dostupné z:",
	HOWPUBLISHED = "[online]"
}
@MISC{material,
	URL = "https://github.com/angular/material2",	
	AUTHOR = "Github Inc.",
	TITLE = "\textit{angular/material2: Material Design components for Angular}",
	YEAR = "c2018[cit. 11.1.2018]. Dostupné z:",
	HOWPUBLISHED = "[online]"
}
@MISC{firma,
	URL = "http://www.m2ms.sk/o-nas/",
	AUTHOR = "M2M solutions s.r.o",
	TITLE = "\textit{O nás}",
	YEAR = "c2018[cit. 7.1.2018]. Dostupné z:",
	HOWPUBLISHED = "[online]"
}
@MISC{net,
	URL = "https://www.microsoft.com/net/learn/what-is-dotnet",
	AUTHOR = "Microsoft",
	TITLE = "\textit{What is .NET?} [online]",
	YEAR = "c2018[cit. 7.1.2018]. Dostupné z:",
	HOWPUBLISHED = "[online]"
}
@MISC{angular,
	URL = "https://github.com/angular/angular/releases",
	AUTHOR = "Github Inc.",
	TITLE = "\textit{Releases angular/angular}",
	YEAR = "c2018[cit. 11.1.2018]. Dostupné z:",
	HOWPUBLISHED = "[online]"
}

@MISC{i18n,
	URL = "https://www.npmjs.com/package/i18n",
	AUTHOR = "Marcus Spiegel",
	TITLE = "\textit{i18n}",
	YEAR = "c2016[cit. 14.3.2018]. Dostupné z:",
	HOWPUBLISHED = "[online]"
}

 @book{git,
  title={Version Control with Git: Powerful tools and techniques for collaborative software development},
  author={Loeliger, Jon and McCullough, Matthew},
  year={2012},
  publisher={" O'Reilly Media, Inc."}
}

@inproceedings{lee2007comparative,
  title={A comparative study of wireless protocols: Bluetooth, UWB, ZigBee, and Wi-Fi},
  author={Lee, Jin-Shyan and Su, Yu-Wei and Shen, Chung-Chou},
  booktitle={Industrial Electronics Society, 2007. IECON 2007. 33rd Annual Conference of the IEEE},
  pages={46--51},
  year={2007},
  organization={Ieee}
}

@article{bishop2001introduction,
  title={An introduction to the Kalman filter},
  author={Bishop, Gary and Welch, Greg and others},
  journal={Proc of SIGGRAPH, Course},
  volume={8},
  number={27599-23175},
  pages={41},
  year={2001}
}

@article{trilat,
  title={Efficient solution and performance analysis of 3-D position estimation by trilateration},
  author={Manolakis, Dimitris E},
  journal={IEEE Transactions on Aerospace and Electronic systems},
  volume={32},
  number={4},
  pages={1239--1248},
  year={1996},
  publisher={IEEE}
}





